@misc{li2023playing,
      title={Playing Mastermind on quantum computers}, 
      author={Lvzhou Li and Jingquan Luo and Yongzhen Xu},
      year={2023},
      eprint={2207.09356},
      archivePrefix={arXiv},
      primaryClass={quant-ph}
}